@INPROCEEDINGS{7973732, 
	author={D. K. Tosh and S. Shetty and X. Liang and C. A. Kamhoua and K. A. Kwiat and L. Njilla}, 
	booktitle={2017 17th IEEE/ACM International Symposium on Cluster, Cloud and Grid Computing (CCGRID)}, 
	title={Security Implications of Blockchain Cloud with Analysis of Block Withholding Attack}, 
	year={2017}, 
	volume={}, 
	number={}, 
	pages={458-467}, 
	keywords={cloud computing;data integrity;security of data;BWH attack;block withholding attack;blockchain cloud;blockchain security;cloud computing services;data provenance;pool reward mechanisms;Cloud computing;Computational modeling;Cryptography;Data mining;Distributed databases;Peer-to-peer computing;Blockchain;block mining;block withholding;blockchain security and vulnerability;cloud computing;data provenance;distributed ledger;pool mining;proof-of-work}, 
	doi={10.1109/CCGRID.2017.111}, 
	ISSN={}, 
	month={May},}

@ARTICLE{8340794, 
	author={Y. Gao and X. Chen and Y. Sun and X. Niu and Y. Yang}, 
	journal={IEEE Access}, 
	title={A Secure Cryptocurrency Scheme based on Post-Quantum Blockchain}, 
	year={2018}, 
	volume={}, 
	number={}, 
	pages={1-1}, 
	keywords={Computer security;Cryptocurrency;Lattices;Quantum computing;blockchain;cryptocurrency;lattice;post-quantum;security}, 
	doi={10.1109/ACCESS.2018.2827203}, 
	ISSN={}, 
	month={},}

@INPROCEEDINGS{8327567, 
	author={G. Destefanis and M. Marchesi and M. Ortu and R. Tonelli and A. Bracciali and R. Hierons}, 
	booktitle={2018 International Workshop on Blockchain Oriented Software Engineering (IWBOSE)}, 
	title={Smart contracts vulnerabilities: a call for blockchain software engineering?}, 
	year={2018}, 
	volume={}, 
	number={}, 
	pages={19-25}, 
	keywords={contracts;program debugging;software maintenance;detrimental software misbehavior;nonstandard software life-cycle;smart contract library;smart contract programming;smart contract software development;smart contract vulnerabilities;specific blockchain software engineering;Computer hacking;Contracts;Libraries;Programming;Software;Software engineering;smart contracts; blockchain; software engineering;}, 
	doi={10.1109/IWBOSE.2018.8327567}, 
	ISSN={}, 
	month={March},}

@INPROCEEDINGS{7966963, 
	author={H. Halpin and M. Piekarska}, 
	booktitle={2017 IEEE European Symposium on Security and Privacy Workshops (EuroS PW)}, 
	title={Introduction to Security and Privacy on the Blockchain}, 
	year={2017}, 
	volume={}, 
	number={}, 
	pages={1-3}, 
	keywords={cryptography;data privacy;electronic money;Bitcoin;IEEE Privacy and Security on the Blockchain Workshop;blockchain privacy;blockchain security;cryptographic primitives;privacy-preserving file storage;Bitcoin;Conferences;Databases;Europe;Privacy}, 
	doi={10.1109/EuroSPW.2017.43}, 
	ISSN={}, 
	month={April},}

@INPROCEEDINGS{8240338, 
	author={R. Longo and F. Pintore and G. Rinaldo and M. Sala}, 
	booktitle={2017 9th International Conference on Cyber Conflict (CyCon)}, 
	title={On the security of the blockchain BIX protocol and certificates}, 
	year={2017}, 
	volume={}, 
	number={}, 
	pages={1-16}, 
	keywords={Internet;authorisation;certification;cryptographic protocols;protocols;public key cryptography;CAs;PKI protocol;blockchain BIX protocol security;certification authorities;formal security assumptions;formal security proofs;internet security;large-scale cyber attacks;large-scale man-in-the-middle attacks;malicious certificates;multiple attacks;public key;state sponsorship;Digital signatures;Mathematics;Protocols;Public key;PKI;blockchain;security proof}, 
	doi={10.23919/CYCON.2017.8240338}, 
	ISSN={}, 
	month={May},}

@INPROCEEDINGS{8229910, 
	author={S. R. Basnet and S. Shakya}, 
	booktitle={2017 International Conference on Computing, Communication and Automation (ICCCA)}, 
	title={BSS: Blockchain security over software defined network}, 
	year={2017}, 
	volume={}, 
	number={}, 
	pages={720-725}, 
	keywords={data privacy;software defined networking;storage management;telecommunication network topology;BSS;Blockchain security;OpenStack controller;SDN network topology;SDN users;blockchain security;blockchain technology;files sharing;software defined network;Cloud computing;Contracts;IP networks;Public key;Switches;Blockchain;Ethereum;Mininet;OpenDaylight;OpenStack;Peer-to-peer;Pythereum;SDN;Serpent programming}, 
	doi={10.1109/CCAA.2017.8229910}, 
	ISSN={}, 
	month={May},}

@ARTICLE{2017arXiv170600916C,
	author = {{Conti}, M. and {E}, S.~K. and {Lal}, C. and {Ruj}, S.},
	title = "{A Survey on Security and Privacy Issues of Bitcoin}",
	journal = {ArXiv e-prints},
	archivePrefix = "arXiv",
	eprint = {1706.00916},
	primaryClass = "cs.CR",
	keywords = {Computer Science - Cryptography and Security},
	year = 2017,
	month = jun,
	adsurl = {http://adsabs.harvard.edu/abs/2017arXiv170600916C},
	adsnote = {Provided by the SAO/NASA Astrophysics Data System}
}

@ARTICLE{2017arXiv170404299M,
	author = {{M{\"o}ser}, M. and {Soska}, K. and {Heilman}, E. and {Lee}, K. and 
	{Heffan}, H. and {Srivastava}, S. and {Hogan}, K. and {Hennessey}, J. and 
	{Miller}, A. and {Narayanan}, A. and {Christin}, N.},
	title = "{An Empirical Analysis of Traceability in the Monero Blockchain}",
	journal = {ArXiv e-prints},
	archivePrefix = "arXiv",
	eprint = {1704.04299},
	primaryClass = "cs.CR",
	keywords = {Computer Science - Cryptography and Security},
	year = 2017,
	month = apr,
	adsurl = {http://adsabs.harvard.edu/abs/2017arXiv170404299M},
	adsnote = {Provided by the SAO/NASA Astrophysics Data System}
}

@ARTICLE{2017arXiv171010377A,
	author = {{Aggarwal}, D. and {Brennen}, G.~K. and {Lee}, T. and {Santha}, M. and 
	{Tomamichel}, M.},
	title = "{Quantum attacks on Bitcoin, and how to protect against them}",
	journal = {ArXiv e-prints},
	archivePrefix = "arXiv",
	eprint = {1710.10377},
	primaryClass = "quant-ph",
	keywords = {Quantum Physics, Quantitative Finance - General Finance},
	year = 2017,
	month = oct,
	adsurl = {http://adsabs.harvard.edu/abs/2017arXiv171010377A},
	adsnote = {Provided by the SAO/NASA Astrophysics Data System}
}

@ARTICLE{2018arXiv180408230L,
	author = {{Li}, W.},
	title = "{Adapting Blockchain Technology for Scientific Computing}",
	journal = {ArXiv e-prints},
	archivePrefix = "arXiv",
	eprint = {1804.08230},
	primaryClass = "cs.CR",
	keywords = {Computer Science - Cryptography and Security, Computer Science - Distributed, Parallel, and Cluster Computing},
	year = 2018,
	month = apr,
	adsurl = {http://adsabs.harvard.edu/abs/2018arXiv180408230L},
	adsnote = {Provided by the SAO/NASA Astrophysics Data System}
}

@ARTICLE{2018arXiv180407391A,
	author = {{Ahmed}, M. and {Kostiainen}, K.},
	title = "{Identity Aging: Efficient Blockchain Consensus}",
	journal = {ArXiv e-prints},
	archivePrefix = "arXiv",
	eprint = {1804.07391},
	primaryClass = "cs.CR",
	keywords = {Computer Science - Cryptography and Security, Computer Science - Distributed, Parallel, and Cluster Computing},
	year = 2018,
	month = apr,
	adsurl = {http://adsabs.harvard.edu/abs/2018arXiv180407391A},
	adsnote = {Provided by the SAO/NASA Astrophysics Data System}
}

@ARTICLE{2018arXiv180407356F,
	author = {{Fynn}, E. and {Pedone}, F.},
	title = "{Challenges and pitfalls of partitioning blockchains}",
	journal = {ArXiv e-prints},
	archivePrefix = "arXiv",
	eprint = {1804.07356},
	primaryClass = "cs.DC",
	keywords = {Computer Science - Distributed, Parallel, and Cluster Computing},
	year = 2018,
	month = apr,
	adsurl = {http://adsabs.harvard.edu/abs/2018arXiv180407356F},
	adsnote = {Provided by the SAO/NASA Astrophysics Data System}
}

@ARTICLE{2018arXiv180405979R,
	author = {{Rajan}, D. and {Visser}, M.},
	title = "{Quantum Blockchain using entanglement in time}",
	journal = {ArXiv e-prints},
	archivePrefix = "arXiv",
	eprint = {1804.05979},
	primaryClass = "quant-ph",
	keywords = {Quantum Physics, Computer Science - Cryptography and Security, Quantitative Finance - General Finance},
	year = 2018,
	month = apr,
	adsurl = {http://adsabs.harvard.edu/abs/2018arXiv180405979R},
	adsnote = {Provided by the SAO/NASA Astrophysics Data System}
}

@ARTICLE{2018arXiv180107501J,
	author = {{Jawaheri}, H.~A. and {Sabah}, M.~A. and {Boshmaf}, Y. and {Erbad}, A.
	},
	title = "{When A Small Leak Sinks A Great Ship: Deanonymizing Tor Hidden Service Users Through Bitcoin Transactions Analysis}",
	journal = {ArXiv e-prints},
	archivePrefix = "arXiv",
	eprint = {1801.07501},
	primaryClass = "cs.CR",
	keywords = {Computer Science - Cryptography and Security},
	year = 2018,
	month = jan,
	adsurl = {http://adsabs.harvard.edu/abs/2018arXiv180107501J},
	adsnote = {Provided by the SAO/NASA Astrophysics Data System}
}


@ARTICLE{2018arXiv180404080P,
	author = {{Paquet-Clouston}, M. and {Haslhofer}, B. and {Dupont}, B.},
	title = "{Ransomware Payments in the Bitcoin Ecosystem}",
	journal = {ArXiv e-prints},
	archivePrefix = "arXiv",
	eprint = {1804.04080},
	primaryClass = "cs.CR",
	keywords = {Computer Science - Cryptography and Security},
	year = 2018,
	month = apr,
	adsurl = {http://adsabs.harvard.edu/abs/2018arXiv180404080P},
	adsnote = {Provided by the SAO/NASA Astrophysics Data System}
}

@ARTICLE{2018arXiv180401488M,
	author = {{Moubarak}, J. and {Filiol}, E. and {Chamoun}, M.},
	title = "{Developing a K-ary malware using Blockchain}",
	journal = {ArXiv e-prints},
	archivePrefix = "arXiv",
	eprint = {1804.01488},
	primaryClass = "cs.CR",
	keywords = {Computer Science - Cryptography and Security},
	year = 2018,
	month = apr,
	adsurl = {http://adsabs.harvard.edu/abs/2018arXiv180401488M},
	adsnote = {Provided by the SAO/NASA Astrophysics Data System}
}

@ARTICLE{2018arXiv180206763S,
	author = {{Sapaev}, D. and {Bulychkov}, D. and {Ablayev}, F. and {Vasiliev}, A. and 
	{Ziatdinov}, M.},
	title = "{Quantum-Assisted Blockchain}",
	journal = {ArXiv e-prints},
	archivePrefix = "arXiv",
	eprint = {1802.06763},
	primaryClass = "quant-ph",
	keywords = {Quantum Physics, Computer Science - Cryptography and Security},
	year = 2018,
	month = feb,
	adsurl = {http://adsabs.harvard.edu/abs/2018arXiv180206763S},
	adsnote = {Provided by the SAO/NASA Astrophysics Data System}
}

@ARTICLE{2018arXiv180206993L,
	author = {{Li}, X. and {Jiang}, P. and {Chen}, T. and {Luo}, X. and {Wen}, Q.
	},
	title = "{A Survey on the Security of Blockchain Systems}",
	journal = {ArXiv e-prints},
	archivePrefix = "arXiv",
	eprint = {1802.06993},
	primaryClass = "cs.CR",
	keywords = {Computer Science - Cryptography and Security},
	year = 2018,
	month = feb,
	adsurl = {http://adsabs.harvard.edu/abs/2018arXiv180206993L},
	adsnote = {Provided by the SAO/NASA Astrophysics Data System}
}

@ARTICLE{2018arXiv180300646B,
	author = {{Bartoletti}, M. and {Pes}, B. and {Serusi}, S.},
	title = "{Data mining for detecting Bitcoin Ponzi schemes}",
	journal = {ArXiv e-prints},
	archivePrefix = "arXiv",
	eprint = {1803.00646},
	primaryClass = "cs.CR",
	keywords = {Computer Science - Cryptography and Security},
	year = 2018,
	month = mar,
	adsurl = {http://adsabs.harvard.edu/abs/2018arXiv180300646B},
	adsnote = {Provided by the SAO/NASA Astrophysics Data System}
}

@ARTICLE{2018arXiv180502707W,
	author = {{Wang}, W. and {Hoang}, D.~T. and {Xiong}, Z. and {Niyato}, D. and 
	{Wang}, P. and {Hu}, P. and {Wen}, Y.},
	title = "{A Survey on Consensus Mechanisms and Mining Management in Blockchain Networks}",
	journal = {ArXiv e-prints},
	archivePrefix = "arXiv",
	eprint = {1805.02707},
	primaryClass = "cs.CR",
	keywords = {Computer Science - Cryptography and Security},
	year = 2018,
	month = may,
	adsurl = {http://adsabs.harvard.edu/abs/2018arXiv180502707W},
	adsnote = {Provided by the SAO/NASA Astrophysics Data System}
}


@INPROCEEDINGS{8069069,
	author={I. Weber and V. Gramoli and A. Ponomarev and M. Staples and R. Holz and A. B. Tran and P. Rimba},
	booktitle={2017 IEEE 36th Symposium on Reliable Distributed Systems (SRDS)},
	title={On Availability for {Blockchain}-Based Systems},
	year={2017},
	volume={},
	number={},
	pages={64-73},
	keywords={electronic money;financial data processing;transaction processing;Bitcoin;Ethereum;blockchain technology;blockchain-based systems;inherent blockchain design;mainstream blockchains;read availability;transaction management;write availability;Australia;Bitcoin;Contracts;Delays;Software},
	doi={10.1109/SRDS.2017.15},
	ISSN={},
	month={Sept},}

@misc{BusinessInsider,
	author = {Williams-Grut, Oscar},
	publisher = {Business Insider},
	title = {Here are all the theories explaining the crypto market crash},
	howpublished = {\url{http://www.businessinsider.com/bitcoin-cryptocurrency-market-crash-explained-causes-2018-1}},
	note = {Accessed: 2018-04-02},
	month={jan},
	year={2018},
}

@misc{CMC,
	title = {Cryptocurrency Market Capitalizations},
	howpublished = {\url{https://coinmarketcap.com/}},
	note = {Accessed: 2018-04-05}
}

@misc{GitHubBitcoin,
	title = {Bitcoin Core integration/staging tree},
	howpublished = {\url{https://github.com/bitcoin/bitcoin/}},
}

@misc{IEEEXplore,
	title = {IEEE Xplore Digital Library},
	howpublished = {\url{https://ieeexplore.ieee.org/Xplore/home.jsp}},
}

@book{Stallings:2010:NSE:1841641,
	author = {Stallings, William},
	title = {Network Security Essentials: Applications and Standards},
	year = {2010},
	isbn = {0136108059, 9780136108054},
	edition = {4th},
	publisher = {Prentice Hall Press},
	address = {Upper Saddle River, NJ, USA},
}

@ARTICLE{7467408,
	author={K. Christidis and M. Devetsikiotis},
	journal={IEEE Access},
	title={Blockchains and Smart Contracts for the {Internet of Things}},
	year={2016},
	volume={4},
	number={},
	pages={2292-2303},
	keywords={Internet of Things;contracts;cryptography;peer-to-peer computing;trusted computing;Internet of Things;IoT;blockchain network;cryptographically verifiable manner;distributed peer-to-peer network;multistep process automation;smart contracts;transactional privacy;trusted intermediary;Automation;Blockchains;Cryptography;Distributed processing;Internet of things;Peer-to-peer computing;Privacy;Blockchain;Internet of Things;blockchain;distributed systems;internet of things},
	doi={10.1109/ACCESS.2016.2566339},
	ISSN={},
	month={},}

@article{KHAN2018395,
	title = "{IoT} security: Review, blockchain solutions, and open challenges",
	journal = "Future Generation Computer Systems",
	volume = "82",
	pages = "395 - 411",
	year = "2018",
	issn = "0167-739X",
	doi = "https://doi.org/10.1016/j.future.2017.11.022",
	url = "http://www.sciencedirect.com/science/article/pii/S0167739X17315765",
	author = "Minhaj Ahmad Khan and Khaled Salah",
	keywords = "IoT security, Blockchain, IoT protocols, Network security, Data security"
}

@article{SIKORSKI2017234,
	title = "Blockchain technology in the chemical industry: {Machine}-to-machine electricity market",
	journal = "Applied Energy",
	volume = "195",
	pages = "234 - 246",
	year = "2017",
	issn = "0306-2619",
	doi = "https://doi.org/10.1016/j.apenergy.2017.03.039",
	url = "http://www.sciencedirect.com/science/article/pii/S0306261917302672",
	author = "Janusz J. Sikorski and Joy Haughton and Markus Kraft",
	keywords = "Blockchain technology, Chemical industry, Electricity market, Machine-to-machine communications"
}

@article{201623,
	title = "Bitcoin blockchain dynamics: The selfish-mine strategy in the presence of propagation delay ",
	journal = "Performance Evaluation ",
	volume = "104",
	number = "",
	pages = "23 - 41",
	year = "2016",
	note = "",
	issn = "0166-5316",
	doi = "https://doi.org/10.1016/j.peva.2016.07.001",
	url = "https://www.sciencedirect.com/science/article/pii/S016653161630089X",
	author = "J. Göbel and H.P. Keeler and A.E. Krzesinski and P.G. Taylor",
	keywords = "Bitcoin",
	keywords = "Blockchain",
	keywords = "Block hiding strategies",
	keywords = "Honest mining",
	keywords = "Selfish-mine "
}

@misc{CD1,
	author = {Hertig, Alyssa},
	publisher = {CoinDesk},
	title = {Intel is Winning Over Blockchain Critics By Reimagining Bitcoin's DNA},
	howpublished = {\url{https://www.coindesk.com/intel-winning-blockchain-critics-reimagining-bitcoins-dna/}},
	note = {Accessed: 2018-03-02},
	month={dec},
	year={2016},
}

@INPROCEEDINGS{8062773,
	author={E. Münsing and J. Mather and S. Moura},
	booktitle={2017 IEEE Conference on Control Technology and Applications (CCTA)},
	title={Blockchains for decentralized optimization of energy resources in microgrid networks},
	year={2017},
	volume={},
	number={},
	pages={2164-2171},
	keywords={distributed power generation;distribution networks;load flow;optimisation;power generation scheduling;power markets;ADMM coordinator;alternating direction method of multipliers;centralized utility;data management;decentralized coordination;decentralized optimal power flow model;decentralized optimization blockchains;distributed computation;distributed optimization;electricity distribution network;energy resources;local optimization steps;microgrid aggregator;microgrid networks;microgrid operator;nontrusting agents;operational constraints;optimal schedule;peer-to-peer energy markets;smart contract;Computer architecture;Contracts;Mathematical model;Microgrids;Monopoly;Optimization;Peer-to-peer computing},
	doi={10.1109/CCTA.2017.8062773},
	ISSN={},
	month={Aug},}

@inproceedings{Matzutt2018AQA,
	title={A Quantitative Analysis of the Impact of Arbitrary Blockchain Content on {Bitcoin}},
	booktitle={Proceedings  of  the  22nd  International  Confer-ence  on  Financial  Cryptography  and  Data  Security  (FC)},
	author={Roman Matzutt and Jens Hiller and Martin Henze and Jan Henrik Ziegeldorf and Dirk M{\"u}llmann and Oliver Hohlfeld and Klaus Wehrle},
	year={2018},
	pages={},
	doi={},
	ISSN={},
	month={},
}

@ARTICLE{2017arXiv171009437B,
	author = {{Buterin}, V. and {Griffith}, V.},
	title = "{Casper the Friendly Finality Gadget}",
	journal = {ArXiv e-prints},
	archivePrefix = "arXiv",
	eprint = {1710.09437},
	primaryClass = "cs.CR",
	keywords = {Computer Science - Cryptography and Security},
	year = 2017,
	month = oct,
	adsurl = {http://adsabs.harvard.edu/abs/2017arXiv171009437B},
	adsnote = {Provided by the SAO/NASA Astrophysics Data System}
}


@MISC{Nakamoto_bitcoin:a,
	author = {Satoshi Nakamoto},
	title = {Bitcoin: A peer-to-peer electronic cash system},
    howpublished = {\url{http://bitcoin.org/bitcoin.pdf}},
	year = {}
}

@INPROCEEDINGS{8258452,
author={C. Wright and A. Serguieva},
booktitle={2017 IEEE International Conference on Big Data (Big Data)},
title={Sustainable blockchain-enabled services: Smart contracts},
year={2017},
volume={},
number={},
pages={4255-4264},
keywords={Internet;Internet of Things;authorisation;contracts;cryptography;multi-agent systems;sustainable development;DHT repository;Internet-of-Things services;blockchain transactions;blockchain-enabled service complexity;blockchain-enabled service functionality;blockchain-enabled service versatility;blockchain-enforced smart contracts;context method;contract automated management;distributed hash tables DHT;hierarchical communication channels;hierarchical conditionality structures;hierarchical cryptographic key-pairs;intelligent agent hierarchy;interdependent components;optimized repositories;secure matching;secure repositories;smart contracts/subcontracts;smart-contract focused methods;sustainable adaptive mechanism;sustainable blockchain-enabled services;synergistic effect;Bitcoin;Buildings;Complexity theory;Contracts;Law;common sectret;hierarchical contract conditionality;hierarchical encription keys;multifaceted scaling solution;smart contracts;sustainable blockchain-enabled services},
doi={10.1109/BigData.2017.8258452},
ISSN={},
month={Dec},}

@INPROCEEDINGS{6921126,
author={L. Y. Y. Lu and J. S. Liu},
booktitle={Proceedings of PICMET '14 Conference: Portland International Center for Management of Engineering and Technology; Infrastructure and Service Integration},
title={A survey of intellectual property rights literature from 1971 to 2012: The main path analysis},
year={2014},
volume={},
number={},
pages={1274-1280},
keywords={Internet;citation analysis;data analysis;industrial property;information retrieval;innovation management;international trade;investment;patents;technology management;IPR policies;ISI Web of science;WOS;citation data analysis;citation data retrieval;consumer products;data source;intellectual property rights protection;international trade;multinational corporations;patent reform;return of innovation investment;technological competitiveness;technological superiority;technology acquirement;technology innovation;unauthorized imitation;Economics;Indexes;Investment;Patents;Technological innovation;Trajectory},
doi={},
ISSN={2159-5100},
month={July},}

@INPROCEEDINGS{7004225,
author={L. Mashayekhy and M. M. Nejad and D. Grosu},
booktitle={2014 IEEE International Conference on Big Data (Big Data)},
title={A two-sided market mechanism for trading big data computing commodities},
year={2014},
volume={},
number={},
pages={153-158},
keywords={Big Data;Web services;cloud computing;pricing;big data applications;big data computing commodities;big data computing services;big data trend;cloud computing platforms;compute-intensive applications;cost benefit ratios;data-intensive applications;economic requirements;pricing;trading;two-sided market mechanism;Big data;Cloud computing;Cost accounting;Economics;Market research;Pricing;Resource management;big data;cloud computing;two-sided auction},
doi={10.1109/BigData.2014.7004225},
ISSN={},
month={Oct},}

@INPROCEEDINGS{7959887,
author={J. Yu and M. H. Cheung and J. Huang},
booktitle={2017 15th International Symposium on Modeling and Optimization in Mobile, Ad Hoc, and Wireless Networks (WiOpt)},
title={Economics of mobile data trading market},
year={2017},
volume={},
number={},
pages={1-8},
keywords={game theory;mobile communication;optimisation;NE;closed-form expression;convex optimization problem;mobile data quota;mobile data trading market economics;mobile network operator;operator revenue maximizing strategy;optimal operation fee;optimal trading decisions;trading price;two-stage Stackelberg game;unique Nash equilibrium;Ad hoc networks;Data models;Games;Mobile communication;Mobile computing;Optimization;Pricing},
doi={10.23919/WIOPT.2017.7959887},
ISSN={},
month={May},}

@ARTICLE{7093125,
author={L. Xu and C. Jiang and Y. Chen and Y. Ren and K. J. R. Liu},
journal={IEEE Journal of Selected Topics in Signal Processing},
title={Privacy or Utility in Data Collection? A Contract Theoretic Approach},
year={2015},
volume={9},
number={7},
pages={1256-1269},
keywords={data mining;data privacy;big data;contract theory;data mining;data owner privacy protection;data utility;optimal contract;private data collection;Contracts;Data privacy;Optimal control;Optimization;Privacy;Signal processing algorithms;Privacy preserving;contract theory;data anonymization;data collecting;optimal control},
doi={10.1109/JSTSP.2015.2425798},
ISSN={1932-4553},
month={Oct},}

@INPROCEEDINGS{7163223,
author={G. Zyskind and O. Nathan and A. '. Pentland},
booktitle={2015 IEEE Security and Privacy Workshops},
title={Decentralizing Privacy: Using Blockchain to Protect Personal Data},
year={2015},
volume={},
number={},
pages={180-184},
keywords={data privacy;trusted computing;auditable computing;automated access-control manager;bit coin;blockchain;decentralized network;decentralized personal data management system;decentralizing privacy;financial space;personal data protection;public ledger;security breaches;surveillance;trusted computing problem;user privacy call;Compounds;Data privacy;Encryption;Online banking;Privacy;Protocols;bitcoin;blockchain;personal data;privacy},
doi={10.1109/SPW.2015.27},
ISSN={},
month={May},}

@INPROCEEDINGS{7310737,
author={J. Kishigami and S. Fujimura and H. Watanabe and A. Nakadaira and A. Akutsu},
booktitle={2015 IEEE Fifth International Conference on Big Data and Cloud Computing},
title={The Blockchain-Based Digital Content Distribution System},
year={2015},
volume={},
number={},
pages={187-190},
keywords={content management;digital rights management;message authentication;peer-to-peer computing;blockchain-based digital content distribution system;decentralized authentication mechanism;peer-to-peer authentication mechanism;right management mechanism;superdistribution concept;Authentication;Copyright protection;Encryption;Metadata;Online banking;Servers;Blockchain;Content;Distribution;Rights;Superdistribution},
doi={10.1109/BDCloud.2015.60},
ISSN={},
month={Aug},}

@ARTICLE{7589035,
author={N. Zhumabekuly Aitzhan and D. Svetinovic},
journal={IEEE Transactions on Dependable and Secure Computing},
title={Security and Privacy in Decentralized Energy Trading through Multi-signatures, Blockchain and Anonymous Messaging Streams},
year={2016},
volume={PP},
number={99},
pages={1-1},
keywords={Contracts;Online banking;Peer-to-peer computing;Privacy;Public key;blockchain technologies;decentralized energy trading;smart grid systems},
doi={10.1109/TDSC.2016.2616861},
ISSN={1545-5971},
month={},}

@INPROCEEDINGS{7917130,
author={M. Samaniego and R. Deters},
booktitle={2016 IEEE International Conference on Internet of Things (iThings) and IEEE Green Computing and Communications (GreenCom) and IEEE Cyber, Physical and Social Computing (CPSCom) and IEEE Smart Data (SmartData)},
title={Blockchain as a Service for {IoT}},
year={2016},
volume={},
number={},
pages={433-436},
keywords={Internet of Things;cloud computing;IoT;blockchain as a service;cloud hosted blockchain;decentralized ledger approach;decentralized organization;device configuration management;distributed ledger approach;distributed organization;edge hosted blockchain;fog computing;sensor data storage;Bandwidth;Cloud computing;Computer science;Delays;Distributed databases;Internet of Things;Online banking;Blockchain as a service;IoT;edge},
doi={10.1109/iThings-GreenCom-CPSCom-SmartData.2016.102},
ISSN={},
month={Dec},}

@INPROCEEDINGS{7917634,
author={A. Dorri and S. S. Kanhere and R. Jurdak and P. Gauravaram},
booktitle={2017 IEEE International Conference on Pervasive Computing and Communications Workshops (PerCom Workshops)},
title={Blockchain for {IoT} security and privacy: The case study of a smart home},
year={2017},
volume={},
number={},
pages={618-623},
keywords={Internet of Things;cloud computing;data privacy;home automation;storage management;BC-based smart home framework;Blockchain-based approaches;Internet of Things privacy;Internet of Things security;IoT privacy;IoT security;POW;cloud storage;proof-of-work;resource-constrained IoT devices;smart home setting;Cloud computing;Conferences;Internet of Things;Online banking;Privacy;Security;Smart homes},
doi={10.1109/PERCOMW.2017.7917634},
ISSN={},
month={March},}

@INPROCEEDINGS{7940229,
author={R. Xu and L. Zhang and H. Zhao and Y. Peng},
booktitle={2017 IEEE 13th International Symposium on Autonomous Decentralized System (ISADS)},
title={Design of Network Media 2019s Digital Rights Management Scheme Based on Blockchain Technology},
year={2017},
volume={},
number={},
pages={128-133},
keywords={cryptography;digital rights management;blockchain technology;consensus mechanism;cryptographic algorithm;digital rights management;hash chains;network media;Contracts;Economics;Encryption;Finance;Internet;Media;Videos;blockchain;copyright;network media;smart contract},
doi={10.1109/ISADS.2017.21},
ISSN={},
month={March},}

@INPROCEEDINGS{7945805,
author={M. Conoscenti and A. Vetrò and J. C. De Martin},
booktitle={2016 IEEE/ACS 13th International Conference of Computer Systems and Applications (AICCSA)},
title={Blockchain for the {Internet of Things:} A systematic literature review},
year={2016},
volume={},
number={},
pages={1-6},
keywords={Internet of Things;data integrity;data privacy;peer-to-peer computing;Internet of Things;P2P systems;adaptability;anonymity;blockchain;integrity;peer-to-peer systems;private-by-design IoT;private-by-design data management;proof-of-work;pseudonymity;Bibliographies;Contracts;Cryptography;Data mining;Internet;Online banking;Peer-to-peer computing},
doi={10.1109/AICCSA.2016.7945805},
ISSN={},
month={Nov},}

@INPROCEEDINGS{7980353,
author={W. Xin and T. Zhang and C. Hu and C. Tang and C. Liu and Z. Chen},
booktitle={2017 ieee 3rd international conference on big data security on cloud (bigdatasecurity), ieee international conference on high performance and smart computing (hpsc), and ieee international conference on intelligent data and security (ids)},
title={On Scaling and Accelerating Decentralized Private Blockchains},
year={2017},
volume={},
number={},
pages={267-271},
keywords={authorisation;electronic commerce;private key cryptography;access control management;block construction optimization;block size;blockchain-based cryptocurrencies;decentralized private blockchains;scalability improvement;time control optimization;transaction security mechanism optimization;Big Data;Conferences;Security;Blockchain;Decentralized system;High-performance;Scalability},
doi={10.1109/BigDataSecurity.2017.25},
ISSN={},
month={May},}

@ARTICLE{7990130,
author={Q. Xia and E. B. Sifah and K. O. Asamoah and J. Gao and X. Du and M. Guizani},
journal={IEEE Access},
title={MeDShare: Trust-Less Medical Data Sharing Among Cloud Service Providers via Blockchain},
year={2017},
volume={5},
number={},
pages={14757-14767},
keywords={Big Data;authorisation;cloud computing;data integrity;data protection;electronic health records;Blockchain;MeDShare;access control mechanism;cloud service providers;data auditing;data privacy risks;data provenance;electronic medical records;medical big data custodians;medical record protection;medical records management;smart contracts;trust-less medical data sharing;Access control;Cloud computing;Contracts;Electronic mail;Monitoring;Public key;Access control;blockchain;cloud computing;data sharing;electronic medical records;privacy},
doi={10.1109/ACCESS.2017.2730843},
ISSN={},
month={},}

@INPROCEEDINGS{8011213,
author={E. Karafiloski and A. Mishev},
booktitle={IEEE EUROCON 2017 -17th International Conference on Smart Technologies},
title={Blockchain solutions for big data challenges: A literature review},
year={2017},
volume={},
number={},
pages={763-768},
keywords={Big Data;Big Data challenges;IoT communication;blockchain solutions;blockchain technology;decentralized management;digital data diversity;digital property resolution;private data;public institution reforms;Big Data;Bitcoin;Compounds;Data privacy;Mobile communication;Public key;big data;blockchain;digital property;healthcare;internet of things;privacy;smart contracts},
doi={10.1109/EUROCON.2017.8011213},
ISSN={},
month={July},}

@ARTICLE{8048838,
author={M. E. Peck},
journal={IEEE Spectrum},
title={Blockchain world - Do you need a blockchain? This chart will tell you if the technology can solve your problem},
year={2017},
volume={54},
number={10},
pages={38-60},
keywords={cryptography;electronic health records;health care;records management;relational databases;Juniper Research;Oracle Corp;blockchain technology;data-management systems;digital ecosystem;health care records management;online identities;property titles;relational databases;supply chains;Bitcoin;Companies;Conferences;Databases;Packaging;Privacy;Software},
doi={10.1109/MSPEC.2017.8048838},
ISSN={0018-9235},
month={October},}

@ARTICLE{8053750,
author={P. K. Sharma and M. Y. Chen and J. H. Park},
journal={IEEE Access},
title={A Software Defined Fog Node Based Distributed Blockchain Cloud Architecture for {IoT}},
year={2018},
volume={6},
number={},
pages={115-124},
keywords={Internet of Things;cloud computing;computer centres;computer network security;software defined networking;IoT network;blockchain cloud architecture;blockchain techniques;blockchain technology;centralized data centers;cloud storage;competitive computing infrastructures;controller fog nodes;cost-effective high-performance computing;distributed cloud architecture;distributed cloud infrastructure;fog services deployment;huge data stores;low latency access;multiple computing resources;network architecture;performance overheads;real-time attack detection;real-time data delivery;secure distributed fog node architecture;smart devices;software defined fog node;software defined networking;Cloud computing;Computer architecture;Distributed databases;Edge computing;Peer-to-peer computing;Performance evaluation;Security;Internet of things;blockchain;cloud computing;edge computing;fog computing;security;software defined networking},
doi={10.1109/ACCESS.2017.2757955},
ISSN={},
month={},}

@INPROCEEDINGS{8064055,
author={X. Zhu and Y. Badr and J. Pacheco and S. Hariri},
booktitle={2017 International Conference on Cloud and Autonomic Computing (ICCAC)},
title={Autonomic Identity Framework for the {Internet of Things}},
year={2017},
volume={},
number={},
pages={69-79},
keywords={Internet;Internet of Things;authorisation;data privacy;domestic appliances;security of data;Internet of Things;IoT entity;IoT smart homes;IoT unconventional characteristics;advanced information services;airplanes;autonomic identity framework;current centralized identity management systems;cyber-security;digital identity concept;electrical grids;exponential number;gas plants;heterogeneity;identity self-management;interconnected devices;intrinsic digital properties;low level identities;mobile devices;mobility;party identity providers;security mechanisms;smart buildings;smart home;Digital signatures;Discrete wavelet transforms;Home appliances;Monitoring;Object recognition;Smart homes;Autonomic Computing;Blockchain;Identity Management;Internet of Things;Security;Self-Discovery},
doi={10.1109/ICCAC.2017.14},
ISSN={},
month={Sept},}

@INPROCEEDINGS{8102921,
author={G. C. Polyzos and N. Fotiou},
booktitle={2017 IEEE International Conference on Information Reuse and Integration (IRI)},
title={Blockchain-Assisted Information Distribution for the {Internet of Things}},
year={2017},
volume={},
number={},
pages={75-78},
keywords={Internet of Things;data privacy;ubiquitous computing;Internet;Internet of Things;IoT;actuators;blockchain;information distribution system;key security requirements;pervasive mission-critical sensors;privacy concerns;security concerns;smart contracts;smart devices;Access control;Authentication;Contracts;Internet;Public key;Sensors;access control;authentication;identity management;provenance verification},
doi={10.1109/IRI.2017.83},
ISSN={},
month={Aug},}

@ARTICLE{8106871,
author={Q. Lu and X. Xu},
journal={IEEE Software},
title={Adaptable Blockchain-Based Systems: A Case Study for Product Traceability},
year={2017},
volume={34},
number={6},
pages={21-27},
keywords={meta data;supply chains;adaptable blockchain-based systems;advanced infrastructure;blockchain technology;complex supply chains;originChain system;product traceability;tamper-proof metadata infrastructure;transparent infrastructure;Databases;Memory management;Production facilities;Software engineering;Supply chains;Tracking;Insights;blockchain;originChain;software development;software engineering;supply chain;traceability},
doi={10.1109/MS.2017.4121227},
ISSN={0740-7459},
month={November},}

@ARTICLE{8246573,
author={D. T. T. Anh and M. Zhang and B. C. Ooi and G. Chen},
journal={IEEE Transactions on Knowledge and Data Engineering},
title={Untangling {Blockchain:} A Data Processing View of Blockchain Systems},
year={2018},
volume={PP},
number={99},
pages={1-1},
keywords={Bitcoin;Data processing;Data structures;Database systems;Peer-to-peer computing;Protocols;Blockchain;Distributed Databases;Survey},
doi={10.1109/TKDE.2017.2781227},
ISSN={1041-4347},
month={},}

@INPROCEEDINGS{8258183,
author={T. D. Smith},
booktitle={2017 IEEE International Conference on Big Data (Big Data)},
title={The blockchain litmus test},
year={2017},
volume={},
number={},
pages={2299-2308},
keywords={Big Data;distributed databases;electronic money;financial data processing;information retrieval systems;records management;security of data;trusted computing;big data;bitcoin;blockchain litmus test;data management projects;decentralize big data;distributed database;records-management innovation;Bitcoin;Cloud computing;Computers;Distributed databases;Hardware;Public key;Taxonomy;archival science;bitcoin;blockchain;dependability;dependable and secure computing;security;trust},
doi={10.1109/BigData.2017.8258183},
ISSN={},
month={Dec},}

@INPROCEEDINGS{8258365,
author={H. Sun Yin and R. Vatrapu},
booktitle={2017 IEEE International Conference on Big Data (Big Data)},
title={A first estimation of the proportion of cybercriminal entities in the bitcoin ecosystem using supervised machine learning},
year={2017},
volume={},
number={},
pages={3690-3699},
keywords={computer crime;financial data processing;gradient methods;learning (artificial intelligence);pattern classification;security of data;Bagging classifiers;Bitcoin transactions;Gradient Boosting classifiers;bitcoin ecosystem;cyber-criminal entities;cybercrime-related categories;cybercriminal entities;illegal goods trading;illicit activities;peer-to-peer payment system;proportion estimation;supervised learning classifiers;supervised machine learning;uncategorised observations;Bitcoin;Ecosystems;Malware;Peer-to-peer computing;Public key;Bitcoin;Blockchain;Cryptocurrency;Cybercrime;Ecosystem;Machine Learning;Ransomware;Supervised Learning},
doi={10.1109/BigData.2017.8258365},
ISSN={},
month={Dec},}

@INPROCEEDINGS{7980149,
author={X. Li and J. Yao and X. Liu and H. Guan},
booktitle={2017 IEEE 37th International Conference on Distributed Computing Systems (ICDCS)},
title={A First Look at Information Entropy-Based Data Pricing},
year={2017},
volume={},
number={},
pages={2053-2060},
keywords={Big Data;commerce;data integrity;entropy;pricing;big data;concrete pricing functions;data generation date;data goods value;data information measurement method;data integrity;data pricing metric;data pricing policies;data products business development;data trading;data volume;information entropy-based data pricing;information goods economics;information goods markets;intangible information goods distribution;Big Data;Concrete;Databases;Information entropy;Measurement;Pricing},
doi={10.1109/ICDCS.2017.45},
ISSN={1063-6927},
month={June},}

@INPROCEEDINGS{7174864,
author={D. Kifer},
booktitle={2015 30th Annual ACM/IEEE Symposium on Logic in Computer Science},
title={Privacy and the Price of Data},
year={2015},
volume={},
number={},
pages={16-16},
keywords={data privacy;database management systems;query processing;application-specific utility;data marketplaces;data price;data privacy;data processing algorithm;data queries;data science;data sets;randomized algorithms;statistical privacy;utility/price trade-off;Accidents;Computer science;Data privacy;Data processing;Databases;Pricing;Privacy;data marketplace;query pricing;statistical privacy;utility},
doi={10.1109/LICS.2015.10},
ISSN={1043-6871},
month={July},}

@ARTICLE{8076706,
author={S. Xiao and H. Yu and Y. Wu and Z. Peng and Y. Zhang},
journal={IEEE Internet of Things Journal},
title={Self-Evolving Trading Strategy Integrating {Internet of Things} and Big Data},
year={2017},
volume={PP},
number={99},
pages={1-1},
keywords={Algorithm design and analysis;Big Data;Hidden Markov models;Internet of Things;Machine learning algorithms;Neural networks;Predictive models;Big Data.;Internet of Things;futures market;neural network;trading strategy},
doi={10.1109/JIOT.2017.2764957},
ISSN={},
month={},}

@INPROCEEDINGS{7364102,
author={D. Rao and W. K. Ng},
booktitle={2015 IEEE International Conference on Big Data (Big Data)},
title={How to make money from your information and keep your privacy},
year={2015},
volume={},
number={},
pages={2859-2861},
keywords={Big Data;data privacy;big data;disclosure;privacy;Big data;Computers;Data privacy;Electronic mail;Internet;Pricing;Privacy;big data;information;pricing},
doi={10.1109/BigData.2015.7364102},
ISSN={},
month={Oct},}

@ARTICLE{7502386,
author={L. D. W. Thomas and A. Leiponen},
journal={IEEE Engineering Management Review},
title={Big data commercialization},
year={2016},
volume={44},
number={2},
pages={74-90},
keywords={Big Data;business data processing;data privacy;pricing;professional aspects;Big Data commercialization;IP protection;application developer;business model emergence process;business types;commercial transactions;data aggregator;data agreement development;data custodian;data ecosystems;data manager;data supplier;ecosystem dynamics;ecosystem structure;pricing;regulatory complexity;service provider;systematic literature review;Big data;Commercialization;Conferences;Ecosystems;Organizations;Systematics;Big data;business models;commercialization;data ecosystems;data marketplaces;systematic literature review},
doi={10.1109/EMR.2016.2568798},
ISSN={0360-8581},
month={Second},}


@INPROCEEDINGS{8071359,
author={I. Zikratov and A. Kuzmin and V. Akimenko and V. Niculichev and L. Yalansky},
booktitle={2017 20th Conference of Open Innovations Association (FRUCT)},
title={Ensuring data integrity using blockchain technology},
year={2017},
volume={},
number={},
pages={534-539},
keywords={cloud computing;contracts;data integrity;financial data processing;stock markets;storage management;Bitcoin transactions;ID systems;blockchain technology;cloud storage;data integrity;decentralized network;digital assets;file retrieval;file sharing;file storage;public ledger;record keeping;ride sharing;smart contracts;stocks;Bandwidth;Cloud computing;Cryptography;Metadata;Monitoring;Servers;Virtual machining},
doi={10.23919/FRUCT.2017.8071359},
ISSN={},
month={April},}

@INPROCEEDINGS{8167555,
author={N. Rifi and E. Rachkidi and N. Agoulmine and N. C. Taher},
booktitle={2017 Fourth International Conference on Advances in Biomedical Engineering (ICABME)},
title={Towards using blockchain technology for eHealth data access management},
year={2017},
volume={},
number={},
pages={1-4},
keywords={data privacy;electronic data interchange;electronic health records;health care;blockchain technology;critical medical data;data confidentiality;data exchange;eHealth data access management;electronic health records;electronic medical records;medical data exchange;on-body sensors;Computer architecture;Contracts;Databases;Security;Sensors},
doi={10.1109/ICABME.2017.8167555},
ISSN={},
month={Oct},}

@INPROCEEDINGS{8190803,
author={M. Y. Jung and J. W. Jang},
booktitle={2017 International Conference on Information and Communication Technology Convergence (ICTC)},
title={Data management and searching system and method to provide increased security for IoT platform},
year={2017},
volume={},
number={},
pages={873-878},
keywords={Internet of Things;cryptography;digital signatures;file organisation;peer-to-peer computing;telecommunication security;data integrity;data management system;searching system;security properties;Databases;IP networks;Ports (Computers);Public key;Servers;Simulation;Blockchain;Data Management;Hash function;Internet of Things;Proof-of-Work;Signature},
doi={10.1109/ICTC.2017.8190803},
ISSN={},
month={Oct},}

@INPROCEEDINGS{8257877,
author={Y. N. Aung and T. Tantidham},
booktitle={2017 2nd International Conference on Information Technology (INCIT)},
title={Review of Ethereum: Smart home case study},
year={2017},
volume={},
number={},
pages={1-4},
keywords={Internet;Internet of Things;authorisation;data privacy;home computing;security of data;Ethereum;Ethereum Blockchain packages;Internet;Internet of Things;IoT;SHS;appliances functions;education;health care systems;home appliances;home security;homeowner;privacy issues;security issues;smart contract features;smart home case study;smart home system;transportation;Contracts;Intelligent sensors;Monitoring;Peer-to-peer computing;Security;Smart homes;blockchain;ethereum;internet of things;security;smart home},
doi={10.1109/INCIT.2017.8257877},
ISSN={},
month={Nov},}

@ARTICLE{8260822,
author={C. Xu and K. Wang and M. Guo},
journal={IEEE Cloud Computing},
title={Intelligent Resource Management in Blockchain-Based Cloud Datacenters},
year={2017},
volume={4},
number={6},
pages={50-59},
keywords={Cloud computing;Computational modeling;Contracts;Green products;Peer-to-peer computing;Resource management;Robustness;Green data center;blockchain;cloud computing;reinforcement learning;resource management;smart contract},
doi={10.1109/MCC.2018.1081060},
ISSN={},
month={November},}

@INPROCEEDINGS{8263269,
author={G. Magyar},
booktitle={2017 IEEE 30th Neumann Colloquium (NC)},
title={Blockchain: Solving the privacy and research availability tradeoff for {EHR} data: A new disruptive technology in health data management},
year={2017},
volume={},
number={},
pages={000135-000140},
keywords={data privacy;electronic health records;American HIPAA regulation;EHR data;Health information ecosystem;blockchain technology;data availability;defensive data hiding attitude;disruptive technology;ethical problems;health data management;health system developers;law regulations;lifelong recorded patient health data;patient data;patient privacy;policy maker institutions;policy makers;population health management;privacy data;protective principles;secure data storing;Business;Cryptography;Data privacy;Data structures;Medical services;Privacy;EHR;Health data storage;blockchain;cryptographically secured data storage;multisignature data access;patient privacy},
doi={10.1109/NC.2017.8263269},
ISSN={},
month={Nov},}

@ARTICLE{8270641,
author={H. Yin and D. Guo and K. Wang and Z. Jiang and Y. Lyu and J. Xing},
journal={IEEE Network},
title={Hyperconnected Network: A Decentralized Trusted Computing and Networking Paradigm},
year={2018},
volume={32},
number={1},
pages={112-117},
keywords={Internet;Internet of Things;computer network security;data privacy;data protection;security of data;telecommunication network routing;trusted computing;HyperNet;Internet of Things;UDI platform;communication-based information system;complex CPS system;data sovereignty;decentralized trusted computing networking paradigm;hyperconnected network;identifier-driven routing mechanism;information infrastructure;information system;intelligent PDC;secure digital object management;Artificial intelligence;Contracts;Data centers;Internet;PD control;Technological innovation},
doi={10.1109/MNET.2018.1700172},
ISSN={0890-8044},
month={Jan},}

@ARTICLE{8274922,
author={W. Meng and E. W. Tischhauser and Q. Wang and Y. Wang and J. Han},
journal={IEEE Access},
title={When Intrusion Detection Meets {Blockchain} Technology: A Review},
year={2018},
volume={6},
number={},
pages={10179-10188},
keywords={Blockchain technology;collaborative network;data sharing and management;intrusion detection;trust management},
doi={10.1109/ACCESS.2018.2799854},
ISSN={},
month={},}

@ARTICLE{8274964,
author={S. C. Cha and J. F. Chen and C. Su and K. H. Yeh},
journal={IEEE Access},
title={A Blockchain Connected Gateway for {BLE}-based Devices in the {Internet of Things}},
year={2018},
volume={PP},
number={99},
pages={1-1},
keywords={Biomedical monitoring;Contracts;Data privacy;Logic gates;Object recognition;Privacy;Security;Blockchain;Bluetooth Low Energy;Internet of Things (IoT);Privacy;Security},
doi={10.1109/ACCESS.2018.2799942},
ISSN={},
month={},}

@INPROCEEDINGS{7538424,
author={Feng Tian},
booktitle={2016 13th International Conference on Service Systems and Service Management (ICSSSM)},
title={An agri-food supply chain traceability system for China based on {RFID} blockchain technology},
year={2016},
volume={},
number={},
pages={1-6},
keywords={agriculture;food processing industry;food safety;logistics;market opportunities;radiofrequency identification;supply chain management;warehousing;China;RFID;agri-food logistics pattern;agri-food supply chain traceability system;blockchain technology;food safety;market demand;radiofrequency identification;warehousing;Europe;Global Positioning System;Government;Peer-to-peer computing;Supply chains;Vehicles;Agri-food supply chain;RFID;blockchain;food safety;traceability system},
doi={10.1109/ICSSSM.2016.7538424},
ISSN={},
month={June},}

@INPROCEEDINGS{7552202,
author={A. Yasin and L. Liu},
booktitle={2016 IEEE 40th Annual Computer Software and Applications Conference (COMPSAC)},
title={An Online Identity and Smart Contract Management System},
year={2016},
volume={2},
number={},
pages={192-198},
keywords={security of data;social networking (online);aggregated digital identity;blockchain technology;credits check;identity aggregation mechanism;online communities;online environment;online identity;online reputation information;personal digital reputations;personal online behavioral ratings;personal online digital identity;personal online ratings;smart contract management framework;smart contract management system;social dependency network;Companies;Facebook;Media;Privacy;Software;Blockchain;Digital Identity;Online Reputation;Smart Contract Utility},
doi={10.1109/COMPSAC.2016.2},
ISSN={},
month={June},}

@INPROCEEDINGS{7557983,
author={J. Zou and Y. Wang and M. A. Orgun},
booktitle={2016 IEEE International Conference on Web Services (ICWS)},
title={A Dispute Arbitration Protocol Based on a Peer-to-Peer Service Contract Management Scheme},
year={2016},
volume={},
number={},
pages={41-48},
keywords={business data processing;cloud computing;contracts;optimisation;peer-to-peer computing;protocols;Byzantine agreement;blockchain;businesses service delivery;cloud computing;commitment scheme;cost minimization;dispute arbitration protocol;dispute resolution protocol;incentive maximization;peer-to-peer service contract management scheme;Contract management;Monitoring;Online banking;Peer-to-peer computing;Protocols;Accountability;Arbitration;Blockchain;p2p},
doi={10.1109/ICWS.2016.15},
ISSN={},
month={June},}

@INPROCEEDINGS{7562245,
author={P. Kianmajd and J. Rowe and K. Levitt},
booktitle={2016 IEEE Conference on Computer Communications Workshops (INFOCOM WKSHPS)},
title={Privacy-preserving coordination for smart communities},
year={2016},
volume={},
number={},
pages={1045-1046},
keywords={cryptography;data privacy;distributed processing;storage management;Bitcoin blockchain;cryptographic primitives;distributed storage;distributed systems;energy usage history;privacy sensitive energy usage data;privacy-preserving coordination;record append-only immutable chain;smart community power sharing protocol;Cryptography;Home appliances;Internet of things;Microgrids;Power demand;Protocols;Schedules},
doi={10.1109/INFCOMW.2016.7562245},
ISSN={},
month={April},}

@INPROCEEDINGS{7573685,
author={A. Azaria and A. Ekblaw and T. Vieira and A. Lippman},
booktitle={2016 2nd International Conference on Open and Big Data (OBD)},
title={{MedRec:} Using Blockchain for Medical Data Access and Permission Management},
year={2016},
volume={},
number={},
pages={25-30},
keywords={Big Data;authorisation;data aggregation;data mining;data privacy;electronic health records;health care;information retrieval;meta data;records management;EMR handling;MedRec;Proof of Work;accountability;authentication;big data supply;blockchain technology;confidentiality;data aggregation;data anonymization;data economics;data science;data sharing;decentralized record management system;electronic medical records;healthcare;interoperability;local data storage;medical data access;medical information access;medical stakeholder incentivization;metadata;mining reward;network security;permission management;personalization;public health authorities;sensitive information handling;system adaptability;treatment sites;Contracts;Cryptography;Databases;History;Interoperability;Peer-to-peer computing;Prototypes;access control;cryptographic protocols;distributed information systems;electronic medical records},
doi={10.1109/OBD.2016.11},
ISSN={},
month={Aug},}

@INPROCEEDINGS{7836752,
author={I. Nath},
booktitle={2016 IEEE 16th International Conference on Data Mining Workshops (ICDMW)},
title={Data Exchange Platform to Fight Insurance Fraud on Blockchain},
year={2016},
volume={},
number={},
pages={821-825},
keywords={data mining;electronic data interchange;fraud;insurance data processing;blockchain;data exchange platform;fraud intelligence data sharing;insurance fraud;insurance marketplace;Contracts;Distributed databases;Insurance;Online banking;Adoption;Application;Bitcoin;Blockchain;Centralized;Claims;Data;Decentralization;Digital;Exchange;Fraud;Insurance;Intelligence;Management;Processing;Standard;Technology},
doi={10.1109/ICDMW.2016.0121},
ISSN={},
month={Dec},}

@INPROCEEDINGS{7917640,
author={J. Park and Kwangjo Kim},
booktitle={2017 IEEE International Conference on Pervasive Computing and Communications Workshops (PerCom Workshops)},
title={{TM-Coin:} Trustworthy management of {TCB} measurements in {IoT}},
year={2017},
volume={},
number={},
pages={654-659},
keywords={Internet of Things;database management systems;trusted computing;ARM TrustZone;IoT devices;TCB measurement trustworthy management;TCB measurement-coin;TM-Coin;TM-Coin transactions;decentralized database;remote attestation redundant execution;sensed data remote attestation;trusted computing base;Conferences;Current measurement;Hardware;Performance evaluation;Protocols;Public key;ARM TrustZone;IoT;blockchain;measurement management;remote attestation},
doi={10.1109/PERCOMW.2017.7917640},
ISSN={},
month={March},}


@INPROCEEDINGS{7943304,
author={Z. Yan and G. Gan and K. Riad},
booktitle={2017 IEEE Symposium on Service-Oriented System Engineering (SOSE)},
title={{BC-PDS:} Protecting Privacy and Self-Sovereignty through {BlockChains} for {OpenPDS}},
year={2017},
volume={},
number={},
pages={138-144},
keywords={Big Data;authorisation;data protection;meta data;storage management;ANAC;BC-PDS;Big Data;BlocakChain-based personal data store;GAS;OpenPDS/SafeAnswers;autonomy-based access control;general access structure;personal metadata;secure personal meta-data storage;self-sovereignty;Big Data;Cryptography;Data privacy;Distributed databases;Metadata;Privacy;autonomy;blockchain;notary;personal data store;privacy;self-sovereignty},
doi={10.1109/SOSE.2017.30},
ISSN={},
month={April},}

@INPROCEEDINGS{7965711,
author={S. Kiyomoto and M. S. Rahman and A. Basu},
booktitle={2017 IEEE 15th International Conference on Software Engineering Research, Management and Applications (SERA)},
title={On blockchain-based anonymized dataset distribution platform},
year={2017},
volume={},
number={},
pages={85-92},
keywords={data privacy;electronic data interchange;public domain software;Hyperledger Fabric;PPM;Privacy Policy Manager;anonymized dataset trading;blockchain-based anonymized dataset distribution platform;consensus-based blockchain mechanism;consent information management;data broker;data distribution;data owners;data receiver;data transfer transaction;data verifier;open-source blockchain mechanism;prototype system;Bitcoin;Data privacy;Databases;Privacy;Protocols;Receivers;Anonymized Dataset;Blockchain;Data Trading;Privacy;Security Protocol},
doi={10.1109/SERA.2017.7965711},
ISSN={},
month={June},}

@INPROCEEDINGS{7980138,
author={Z. Shae and J. J. P. Tsai},
booktitle={2017 IEEE 37th International Conference on Distributed Computing Systems (ICDCS)},
title={On the Design of a Blockchain Platform for Clinical Trial and Precision Medicine},
year={2017},
volume={},
number={},
pages={1972-1980},
keywords={Big Data;data analysis;data integration;data integrity;data privacy;medical computing;parallel processing;trusted computing;Big Data analytics;Big Data integration;Internet of Things;IoT devices;anonymous identity management component;blockchain platform architecture;clinical trial;data access security;data integrity;distributed computing;identity privacy;parallel computing;precision medicine;trust data sharing management component;trust medical data ecosystem;Big Data;Clinical trials;Computer architecture;Data privacy;Distributed databases;Parallel processing;IoT;big data analytics;blockchain;clinical trial;data integration;data integrity;distributed and parallel computing;identity privacy;patient centric medicine;precision medicine},
doi={10.1109/ICDCS.2017.61},
ISSN={1063-6927},
month={June},}

@INPROCEEDINGS{7996119,
author={Feng Tian},
booktitle={2017 International Conference on Service Systems and Service Management},
title={A supply chain traceability system for food safety based on {HACCP}, blockchain {Internet of Things}},
year={2017},
volume={},
number={},
pages={1-6},
keywords={Internet of Things;food safety;health hazards;production engineering computing;supply chain management;BigchainDB;HACCP;Internet of Things;blockchain;decentralized systems;food safety;hazard analysis and critical control points;real-time food tracing;supply chain traceability system;Documentation;Internet of Things;Monitoring;Safety;Scalability;Supply chains;Training;Food supply chain;blockchain;decentralized systems;food safety;traceability systems},
doi={10.1109/ICSSSM.2017.7996119},
ISSN={},
month={June},}

@INPROCEEDINGS{8016280,
author={D. W. Kravitz and J. Cooper},
booktitle={2017 Global Internet of Things Summit (GIoTS)},
title={Securing user identity and transactions symbiotically: {IoT} meets blockchain},
year={2017},
volume={},
number={},
pages={1-6},
keywords={Internet of Things;data privacy;security of data;Distributed Identity Management;IoT;Permissioned Blockchains;attribute management;blockchain technology;device identity;embedded devices;privacy;security;transactions symbiotically;user identity;History;Performance evaluation;Protocols;Public key;Robustness;Standards;IoT;blockchain;cryptography;permissioned blockchain;privacy;security},
doi={10.1109/GIOTS.2017.8016280},
ISSN={},
month={June},}

@INPROCEEDINGS{8027275,
author={Z. Chen and Y. Zhu},
booktitle={2017 IEEE International Conference on AI Mobile Services (AIMS)},
title={Personal Archive Service System using Blockchain Technology: Case Study, Promising and Challenging},
year={2017},
volume={},
number={},
pages={93-99},
keywords={data mining;information retrieval systems;social networking (online);trusted computing;ID attacks;Internet social media;Linkedin;biometrics;blockchain technology;confidentiality levels;consortium oriented blockchain network;credit approval;decentralized transparent immutable secure personal archive management system;evidentiary document;personal archive service system;personal portfolio;personal unique identifications;professional network;proof of academic achievements;proof of college degree;proof of identity;proof of medical records;proof of property ownership;proof of specific transaction;qualitative chronically documents;quantitative chronically documents;social bots;statement of personal achievement;trusted services;Biometrics (access control);Certification;Handheld computers;Organizations;Portfolios;Privacy;Protocols;Anonymous;Blockchain;Consortium Block Chain;De-centralization;Digital Portfolio;Identification;Personal Archive Service System;Public and Private Key;Transparent},
doi={10.1109/AIMS.2017.31},
ISSN={},
month={June},}

@INPROCEEDINGS{8029980,
author={K. Hirotsugu and M. Tetsuya},
booktitle={2017 IEEE 41st Annual Computer Software and Applications Conference (COMPSAC)},
title={Access Control Model for the Inference Attacks with Access Histories},
year={2017},
volume={2},
number={},
pages={498-503},
keywords={authorisation;data protection;graph colouring;inference mechanisms;Japanese citizen;My Number program;access control model;access histories;blockchain;covert channel analysis models;hypergraph-based model;inference attacks;inference path detection model;inference rules;information leaks;national identification numbers;personal information protection;security measures;vertex coloring;Access control;Analytical models;Color;History;Silicon;Writing;Access control;Covert channel;Graph theory;Hypergraph;Information security;List coloring;Vertex coloring},
doi={10.1109/COMPSAC.2017.41},
ISSN={0730-3157},
month={July},}

@INPROCEEDINGS{8030023,
author={N. Buchmann and C. Rathgeb and H. Baier and C. Busch and M. Margraf},
booktitle={2017 IEEE 41st Annual Computer Software and Applications Conference (COMPSAC)},
title={Enhancing Breeder Document Long-Term Security Using Blockchain Technology},
year={2017},
volume={2},
number={},
pages={744-748},
keywords={document handling;electronic commerce;security of data;travel industry;Bitcoin blockchain;birth certificates;breeder document long-term security enhancement;breeder document standardisation;content harmonisation;e-passports;electronic travel documents;statu nascendi;Bitcoin;Ecosystems;Image coding;Iris recognition;Blockchain;biometrics;birth certificate;breeder document;cryptography;security},
doi={10.1109/COMPSAC.2017.119},
ISSN={0730-3157},
month={July},}

@INPROCEEDINGS{8030666,
author={S. Alansari and F. Paci and A. Margheri and V. Sassone},
booktitle={2017 IEEE 10th International Conference on Cloud Computing (CLOUD)},
title={Privacy-Preserving Access Control in Cloud Federations},
year={2017},
volume={},
number={},
pages={757-760},
keywords={authorisation;cloud computing;data privacy;FaaS;H2020 SUNFISH project;Intel SGX hardware;access control policies;blockchain;cloud federation service;federated data;federated organizations;l identity and access management system;policy evaluation process;privacy-preserving access control;private cloud;Access control;Cloud computing;Contracts;Cryptography;FAA;Protocols;Access control;Anonymous identities;Blockchain;Cloud federation},
doi={10.1109/CLOUD.2017.108},
ISSN={},
month={June},}

@INPROCEEDINGS{8036727,
author={H. G. Do and W. K. Ng},
booktitle={2017 IEEE World Congress on Services (SERVICES)},
title={Blockchain-Based System for Secure Data Storage with Private Keyword Search},
year={2017},
volume={},
number={},
pages={90-93},
keywords={cloud computing;cryptography;query processing;storage management;blockchain technology;blockchain-based system;cloud nodes;cryptographic techniques;data availability;data content;data owner;data security;encrypted dataset;encrypted form;keyword search service;private keyword search;secure distributed data storage;storage providers;traditional cloud storage;trusted third parties;Access control;Cloud computing;Cryptography;Distributed databases;Keyword search;Memory;Peer-to-peer computing;Authorized Search;Blockchain;Encryption},
doi={10.1109/SERVICES.2017.23},
ISSN={},
month={June},}

@INPROCEEDINGS{8038517,
author={S. Pongnumkul and C. Siripanpornchana and S. Thajchayapong},
booktitle={2017 26th International Conference on Computer Communication and Networks (ICCCN)},
title={Performance Analysis of Private Blockchain Platforms in Varying Workloads},
year={2017},
volume={},
number={},
pages={1-6},
keywords={Internet;data privacy;distributed processing;IT systems;Internet;data management technology;database systems;ethereum;hyperledger fabric;performance analysis;private blockchain platforms;private deployment;varying workloads;Bitcoin;Computer architecture;Contracts;Fabrics;Performance analysis;Software;Throughput},
doi={10.1109/ICCCN.2017.8038517},
ISSN={},
month={July},}

@INPROCEEDINGS{8038519,
author={H. Hou},
booktitle={2017 26th International Conference on Computer Communication and Networks (ICCCN)},
title={The Application of Blockchain Technology in E-Government in China},
year={2017},
volume={},
number={},
pages={1-4},
keywords={cryptography;government data processing;Chancheng District;Chancheng project;China;Chinese context;Foshan city;Guangdong Province;blockchain technology;credit system;e-government;government information accessibility;government information transparency;government services;information security;information-sharing;management standards;public services;Big Data;Economics;Electronic government;Reliability;Safety},
doi={10.1109/ICCCN.2017.8038519},
ISSN={},
month={July},}

@ARTICLE{2017arXiv170306322B,
	author = {{Bartoletti}, M. and {Pompianu}, L.},
	title = "{An empirical analysis of smart contracts: platforms, applications, and design patterns}",
	journal = {ArXiv e-prints},
	archivePrefix = "arXiv",
	eprint = {1703.06322},
	primaryClass = "cs.CR",
	keywords = {Computer Science - Cryptography and Security},
	year = 2017,
	month = mar,
	adsurl = {http://adsabs.harvard.edu/abs/2017arXiv170306322B},
	adsnote = {Provided by the SAO/NASA Astrophysics Data System}
}

@INPROCEEDINGS{7546538,
	author={A. Kosba and A. Miller and E. Shi and Z. Wen and C. Papamanthou},
	booktitle={2016 IEEE Symposium on Security and Privacy (SP)},
	title={Hawk: The Blockchain Model of Cryptography and Privacy-Preserving Smart Contracts},
	year={2016},
	volume={},
	number={},
	pages={839-858},
	keywords={contracts;cryptographic protocols;data privacy;electronic money;program compilers;transaction processing;trusted computing;Hawk programmer;aborts;automatic cryptographic protocol generation;blockchain model;compiler;contractual breach;decentralized blockchain;decentralized cryptocurrencies;decentralized smart contract system;financial transactions;formal modeling;honest parties;money flow;mutually distrustful parties;privacy-preserving smart contracts;transactional privacy;zero-knowledge proofs;Contracts;Cryptographic protocols;Cryptography;Online banking;Privacy},
	doi={10.1109/SP.2016.55},
	ISSN={},
	month={May},}

@article{OLNES2017355,
	title = "Blockchain in government: Benefits and implications of distributed ledger technology for information sharing",
	journal = "Government Information Quarterly",
	volume = "34",
	number = "3",
	pages = "355 - 364",
	year = "2017",
	issn = "0740-624X",
	doi = "https://doi.org/10.1016/j.giq.2017.09.007",
	url = "http://www.sciencedirect.com/science/article/pii/S0740624X17303155",
	author = "Svein Ølnes and Jolien Ubacht and Marijn Janssen",
	keywords = "Blockchain, Transforming government, Information sharing, Distributed ledger, Smart contracts, Applications, Trust, Intermediation"
}

@INPROCEEDINGS{AYY17,
author={D. An and Q. Yang and W. Yu and D. Li and Y. Zhang and W. Zhao},
booktitle={2017 IEEE 36th International Performance Computing and Communications Conference (IPCCC)},
title={Towards truthful auction for big data trading},
year={2017},
volume={},
number={},
pages={1-7},
keywords={Big Data;Multi-round False-name Proof Auction scheme;big data markets;big data trading;data owners;data transactions;fair auction;truthful auction;Big Data;Consumer electronics;Cost accounting;Economics;Electronic mail;Organizations;Twitter;Big Data;Cyber-Physical Systems;Internet of Things;Trading},
doi={10.1109/PCCC.2017.8280501},
ISSN={},
month={Dec},}

@ARTICLE{LYZ17,
author={J. Lin and W. Yu and N. Zhang and X. Yang and H. Zhang and W. Zhao},
journal={IEEE Internet of Things Journal},
title={A Survey on {Internet of Things}: Architecture, Enabling Technologies, Security and Privacy, and Applications},
year={2017},
volume={4},
number={5},
pages={1125-1142},
keywords={3G mobile communication;Internet of Things;cellular radio;cyber-physical systems;data privacy;mobile computing;Internet of Things;IoT;computing services devices;cyber-physical systems;distributed architecture;enabling technologies;fog/edge computing;intelligent cyber-physical world;network edge;security privacy issues;system architecture;Applications;enabling technologies;fog/edge computing;internet of Things (IoT);security and privacy},
doi={10.1109/JIOT.2017.2683200},
ISSN={},
month={Oct},}

@ARTICLE{LYA18,
author={F. Liang and W. Yu and D. An and Q. Yang and X. Fu and W. Zhao},
journal={IEEE Access},
title={A Survey on Big Data Market: Pricing, Trading and Protection},
year={2018},
volume={6},
number={},
pages={15132-15154},
keywords={Big Data applications;Copyright protection;Data analysis;Data mining;Data models;Pricing;Big data;Internet of Things;data pricing;data trading;data utilization;privacy and digital copyright protection},
doi={10.1109/ACCESS.2018.2806881},
ISSN={},
month={},}

@ARTICLE{SCZ16,
author={W. Shi and J. Cao and Q. Zhang and Y. Li and L. Xu},
journal={IEEE Internet of Things Journal},
title={Edge Computing: Vision and Challenges},
year={2016},
volume={3},
number={5},
pages={637-646},
keywords={Internet of Things;cloud computing;data privacy;smart cities;Internet of Things;bandwidth cost saving;battery life constraint;cloud offloading;cloud services;data privacy;data processing;data safety;edge computing;response time requirement;smart city;smart home;Bandwidth;Cloud computing;Data privacy;Internet of things;Mobile handsets;Smart homes;Time factors;Edge computing;Internet of Things (IoT);smart home and city},
doi={10.1109/JIOT.2016.2579198},
ISSN={2327-4662},
month={Oct},}

@article{LL2017,
  title={A Survey of Blockchain Security Issues and Challenges},
  author={Iuon-Chang Lin and Tzu-Chun Liao},
  journal={I. J. Network Security},
  year={2017},
  volume={19},
  pages={653-659}
}

@article{ZXDCW2017,
author = {Zheng, Zibin and Xie, Shaoan and Dai, Hong-Ning and Chen, Xiangping and Wang, Huaimin},
year = {2017},
month = {12},
pages = {},
title = {Blockchain Challenges and Opportunities: A Survey},
booktitle = {International Journal of Web and Grid Services}
}

@InProceedings{BBSU2012,
author={Barber, Simon and Boyen, Xavier and Shi, Elaine and Uzun, Ersin},
editor={Keromytis, Angelos D.},
title={Bitter to Better --- How to Make {Bitcoin} a Better Currency},
booktitle={Financial Cryptography and Data Security},
year={2012},
publisher={Springer Berlin Heidelberg},
pages={399--414},
}

@inproceedings{EG2014,
  title={Majority Is Not Enough: Bitcoin Mining Is Vulnerable},
  author={Ittay Eyal and Emin G{\"u}n Sirer},
  booktitle={Financial Cryptography},
  year={2014}
}

@INPROCEEDINGS{NKMS2016,
author={K. Nayak and S. Kumar and A. Miller and E. Shi},
booktitle={2016 IEEE European Symposium on Security and Privacy (EuroS P)},
title={Stubborn Mining: Generalizing Selfish Mining and Combining with an Eclipse Attack},
year={2016},
volume={},
number={},
pages={305-320},
keywords={cryptography;data mining;decentralized cryptocurrencies;network-level eclipse attacks;selfish mining attack;stubborn mining;Computational modeling;Cryptography;Lead;Online banking;Peer-to-peer computing;Protocols;Bitcoin;Selfish Mining},
doi={10.1109/EuroSP.2016.32},
ISSN={},
month={March},
}

@inproceedings{BKP2014,
 author = {Biryukov, Alex and Khovratovich, Dmitry and Pustogarov, Ivan},
 title = {Deanonymisation of Clients in Bitcoin {P2P} Network},
 booktitle = {Proceedings of the 2014 ACM SIGSAC Conference on Computer and Communications Security},
 series = {CCS '14},
 year = {2014},
 isbn = {978-1-4503-2957-6},
 location = {Scottsdale, Arizona, USA},
 pages = {15--29},
 numpages = {15},
 url = {http://doi.acm.org/10.1145/2660267.2660379},
 doi = {10.1145/2660267.2660379},
 acmid = {2660379},
 publisher = {ACM},
 address = {New York, NY, USA},
 keywords = {anonymity, bitcoin, p2p, tor},
}

@Article{Xu2016,
author="Xu, Jennifer J.",
title="Are blockchains immune to all malicious attacks?",
journal="Financial Innovation",
year="2016",
month="Dec",
day="10",
volume="2",
number="1",
pages="25",
abstract="In recent years, blockchain technology has attracted considerable attention. It records cryptographic transactions in a public ledger that is difficult to alter and compromise because of the distributed consensus. As a result, blockchain is believed to resist fraud and hacking.",
issn="2199-4730",
doi="10.1186/s40854-016-0046-5",
url="https://doi.org/10.1186/s40854-016-0046-5"
}

@article{HR2017,
  title={Global cryptocurrency benchmarking study},
  author={Hileman, Garrick and Rauchs, Michel},
  journal={Cambridge Centre for Alternative Finance},
  year={2017},
}

@online{BCSIZE2017,
  title = {Size of the Bitcoin blockchain from 2010 to 2017},
  howpublished = {\url{https://www.statista.com/statistics/647523/worldwide-bitcoin-blockchain-size/}},
  note = {Accessed: 2018-04-20},
}

@article{LYY17,
	Author = {J. Lin and W. Yu and X. Yang and Q. Yang and X. Fu and W. Zhao},
	Doi = {10.1109/TVT.2016.2572123},
	Issn = {0018-9545},
	Journal = {IEEE Transactions on Vehicular Technology},
	Month = {March},
	Number = {3},
	Pages = {2551-2566},
	Title = {A Real-Time En-Route Route Guidance Decision Scheme for Transportation-Based Cyberphysical Systems},
	Volume = {66},
	Year = {2017}
}

@ARTICLE{8123913,
author={W. Yu and F. Liang and X. He and W. G. Hatcher and C. Lu and J. Lin and X. Yang},
journal={IEEE Access},
title={A Survey on the Edge Computing for the {Internet of Things}},
year={2018},
volume={6},
number={},
pages={6900-6919},
keywords={Internet of Things;cloud computing;complex networks;computer centres;mobile computing;telecommunication security;Internet of Things;IoT networks;centralized data center;cloud computing;data computation;distributed structure;edge computing;machine-to-machine communications;security evaluation;Cloud computing;Edge computing;Intelligent sensors;Logic gates;Security;Servers;Edge computing;Internet of Things;survey},
doi={10.1109/ACCESS.2017.2778504},
ISSN={},
month={},}

@article{Jack14,
	Author = {J. A. Stankovic},
	Issn = {2327-4662},
	Journal = {IEEE Internet of Things Journal},
	Month = {Feb},
	Number = {1},
	Pages = {3-9},
	Title = {Research Directions for the {Internet of Things}},
	Volume = {1},
	Year = {2014}}

@INPROCEEDINGS{6682765,
author={W. Yu and Guobin Xu and Zhijiang Chen and P. Moulema},
booktitle={2013 IEEE Conference on Communications and Network Security (CNS)},
title={A cloud computing based architecture for cyber security situation awareness},
year={2013},
volume={},
number={},
pages={488-492},
keywords={Web sites;cloud computing;security of data;World-Wide Web-based businesses;abnormal behavior analysis;abnormal behavior tracing;abnormal behavior visualization;anomaly-based detection;attack characteristics;attack scene analysis;cloud computing based architecture;cloud infrastructure;cost-effective data storage;cyber attack proliferation;cyber security situation awareness;information sharing;parallel cloud based threat detection;real time data stream processing;real time data stream storage;signature-based detection;spatiotemporal correlation and visualization schemes;stream processing techniques;Cloud computing;Computer architecture;Computer security;Data processing;Monitoring;Servers;Cloud Computing;Cyber Security;MapReduce;Situation Awareness},
doi={10.1109/CNS.2013.6682765},
ISSN={},
month={Oct},}

@ARTICLE{8351898,
author={W. G. Hatcher and W. Yu},
journal={IEEE Access},
title={A Survey of Deep Learning: Platforms, Applications and Emerging Research Trends},
year={2018},
volume={},
number={},
pages={1-1},
keywords={Computational modeling;Learning systems;Machine learning;Neural networks;Neurons;Task analysis;Training;Cyber-Physical Systems;Deep Learning;Emergent Applications;Human-centered Smart Systems;Internet of Things;Networking and Security;Neural Networks;Platform;Survey},
doi={10.1109/ACCESS.2018.2830661},
ISSN={},
month={},}
